
@misc{textbook,
Author="Jorge Nocedal, Steven Wright",
Institution = {Springer},
Howpublished = {Book},
Year = { 2006},
Title={Numerical Optimization Second Edition},
}