@misc{lab2doc,
Author = "Dr. Jason Hicken",
Institution = {Rensselaer Polytechnic Institute},
Howpublished = {MANE 6710 Course LMS Website},
Year = {October, 2024},
Title = "MANE 4280/6710: Numerical Design Optimization lab 2",
}
@misc{matlab,
Institution = {MathWorks},
Howpublished = {MathWorks Help Website},
Year = {2023},
Title = "fmincon",
URL=''https://www.mathworks.com/help/optim/ug/fmincon.html'',
}
@misc{lab4doc,
Author = "Dr. Jason Hicken",
Institution = {Rensselaer Polytechnic Institute},
Howpublished = {MANE 6710 Course LMS Website},
Year = {November, 2024},
Title = "MANE 4280/6710: Numerical Design Optimization lab 4",
}
@misc{lab2,
Author = "Human 6966",
Institution = {Rensselaer Polytechnic Institute},
Howpublished = {MANE 6710 Course LMS Website},
Year = {October, 2024},
Title = "MANE 6710: Numerical Design Optimization lab 2",
}
@misc{gauss,
Institution = {efunda},
Howpublished = {Website},
Year = { 2024},
Title={Abscissas and weights of gauss-hermite integration},
URL={https://www.efunda.com/math/num\_integration/findgausshermite.cfm.},
}