@misc{lab3doc,
Author = "Dr. Jason Hicken",
Institution = {Rensselaer Polytechnic Institute},
Howpublished = {MANE 6710 Course LMS Website},
Year = {October, 2024},
Title = "MANE 4280/6710: Numerical Design Optimization lab 3",
}
@misc{lab3notes,
Author = "Dr. Jason Hicken",
Institution = {Rensselaer Polytechnic Institute},
Howpublished = {MANE 6710 Course LMS Website},
Year = {October, 2024},
Title = "MANE 4280/6710: Numerical Design Optimization lab 3 notes",
}
@misc{piazza,
Author = "Dr. Jason Hicken",
Institution = {Rensselaer Polytechnic Institute},
Howpublished = {MANE 6710 Piazza Post},
Year = {October, 2024},
Title = "Nominal Design",
}
@misc{matlab,
Institution = {MathWorks},
Howpublished = {MathWorks Help Website},
Year = {2023},
Title = "fmincon",
URL=''https://www.mathworks.com/help/optim/ug/fmincon.html'',
}
@misc{dynamics,
Author = "R. L. Kautz and Bret M. Huggard",
Institution = {American Journal of Physics 62, 59},
Howpublished = {Journal},
Year = {1994},
Title = "Chaos at the amusement park: Dynamics of the Tilt‐A‐Whirl",
}