@misc{lab1doc,
Author = "Dr. Jason Hicken",
Institution = {Rensselaer Polytechnic Institute},
Howpublished = {MANE 6710 Course LMS Website},
Year = {September, 2024},
Title = "MANE 4280/6710: Numerical Design Optimization lab 1",
}
@misc{matlab,
Institution = {MathWorks},
Howpublished = {MathWorks Help Website},
Year = {2023},
Title = "fmincon",
URL=''https://www.mathworks.com/help/optim/ug/fmincon.html'',
}